@conference{PAILLEUX,
        author = {Jean PAILLEUX},
        title = {LES MATHEMATIQUES APPLIQUEES A LA PREVISION DU TEMPS},
        booktitle = {MatheÃÅmatiques et environnement},
        year={2007},
        month = {mars},
        pages={0}
}