

@article{Adler:1964aa,
	Author = {Adler, Eric},
	Date-Added = {2020-07-24 14:55:36 +0200},
	Date-Modified = {2020-08-14 13:46:47 +0200},
	Journal = {Physical Review},
	Keywords = {{SHG}},
	Number = {3A},
	Pages = {A28-A733},
	Title = {Nonlinear Optical Frequency Polarization in a Dielectric},
	Volume = {134},
	Year = {1964},
	Bdsk-File-1 = {YnBsaXN0MDDSAQIDBFxyZWxhdGl2ZVBhdGhZYWxpYXNEYXRhXxCBLi4vRG9jdW1lbnRzL1RyYXZhaWwvUmVmZXJlbmNlczIwMDIyNy9BcnRpY2xlcy8xOTY0L0FkbGVyLzE5NjQtQWRsZXJfTm9ubGluZWFyIE9wdGljYWwgRnJlcXVlbmN5IFBvbGFyaXphdGlvbiBpbiBhIERpZWxlY3RyaWMucGRmTxECfAAAAAACfAACAAAGTWFjIEhEAAAAAAAAAAAAAAAAAAAAAAAAAAAAAAAAAEJEAAH/////HzE5NjQtQWRsZXJfTm9ubGluZSNGRkZGRkZGRi5wZGYAAAAAAAAAAAAAAAAAAAAAAAAAAAAAAAAAAAAAAAAAAP////8AAAAAAAAAAAAAAAAAAQAHAAAKIGN1AAAAAAAAAAAAAAAAAAVBZGxlcgAAAgCPLzpVc2VyczpzaWJvdWxldDpEb2N1bWVudHM6VHJhdmFpbDpSZWZlcmVuY2VzMjAwMjI3OkFydGljbGVzOjE5NjQ6QWRsZXI6MTk2NC1BZGxlcl9Ob25saW5lYXIgT3B0aWNhbCBGcmVxdWVuY3kgUG9sYXJpemF0aW9uIGluIGEgRGllbGVjdHJpYy5wZGYAAA4AkABHADEAOQA2ADQALQBBAGQAbABlAHIAXwBOAG8AbgBsAGkAbgBlAGEAcgAgAE8AcAB0AGkAYwBhAGwAIABGAHIAZQBxAHUAZQBuAGMAeQAgAFAAbwBsAGEAcgBpAHoAYQB0AGkAbwBuACAAaQBuACAAYQAgAEQAaQBlAGwAZQBjAHQAcgBpAGMALgBwAGQAZgAPAA4ABgBNAGEAYwAgAEgARAASAI1Vc2Vycy9zaWJvdWxldC9Eb2N1bWVudHMvVHJhdmFpbC9SZWZlcmVuY2VzMjAwMjI3L0FydGljbGVzLzE5NjQvQWRsZXIvMTk2NC1BZGxlcl9Ob25saW5lYXIgT3B0aWNhbCBGcmVxdWVuY3kgUG9sYXJpemF0aW9uIGluIGEgRGllbGVjdHJpYy5wZGYAABMAAS8AABUAAgAP//8AAAAIAA0AGgAkAKgAAAAAAAACAQAAAAAAAAAFAAAAAAAAAAAAAAAAAAADKA==}}
